% For fields on different entries see https://en.wikibooks.org/wiki/LaTeX/Bibliography_Management
% Also see https://scholar.google.se/ 'My library' allows to save and import citations to BibTeX format

@misc{gamif-def,
    author    = {Billaut, Jean{-}Charles},
    year      = {2011},
    title     = {Recherche Opérationnelle et Génie Industriel},
    howpublished = {Page web},
    note      = {Consultée le 30/04/2019},
    url       = {http://www.roadef.org/content/road/pdf/ROetGI.pdf}
}

@article{gamif-educ,
    author    = {Iosup, Alexandru and Epema, Dick},
    year      = {2014},
    title     = {An Experience Report on Using Gamification in Technical Higher Education},
    journal   = {SIGCSE '14 Proceedings of the 45th ACM technical symposium on Computer science education, Pages 27-32 },
    url       = {https://dl.acm.org/citation.cfm?id=2538899}
}

@article{gamif-review,
    author    = {Hamari, Juho and Koivisto, Jonna and Sarsa, Harri},
    year      = {2014},
    title     = {Does Gamification Work? — A Literature Review of Empirical Studies on Gamification},
    journal   = {2014 47th Hawaii International Conference on System Sciences},
    url       = {https://ieeexplore.ieee.org/document/6758978}
}

@article{gamif-partici,
    author    = {Ueyama, Yoshitaka and Tamai, Morihiko and Arakawa, Yutaka and Yasumoto, Keiichi},
    year      = {2014},
    title     = {Gamification-Based Incentive Mechanism for
Participatory Sensing},
    journal   = {2014 IEEE International Conference on Pervasive Computing and Communication Workshops (PERCOM WORKSHOPS)},
    url       = {https://ieeexplore.ieee.org/document/6815172}
}

@misc{gamif-thesis,
    author    = {Koppolu, Sarath},
    year      = {2016},
    title     = {Analysis on the Effectiveness of the Gamification Process},
    howpublished = {Mémoire de fin d'études},
    url       = {https://repositorio.ucp.pt/bitstream/10400.14/20665/1/Final{\%}20Thesis_152114242.pdf}
}

@article{gamif-taxonomy,
    author    = {Bartle, Richard},
    year      = {1996},
    journal   = {Journal of MUD research},
    title     = {Hearts, clubs, diamonds, spades: Players who suit MUDs},
    url       = {http://www.arise.mae.usp.br/wp-content/uploads/2018/03/Bartle-player-types.pdf}
}

@misc{gamif-trends,
    author   = {Google Trends},
    title    = {Evolution de l'intérêt des recherches effectuées sur le moteur de recherche Google sur la Gamification/Ludification},
    howpublished = {Page web},
    year     = {2019},
    url      = {https://trends.google.com/trends/explore?date=2009-01-01\%202019-01-01&geo=FR&q=gamification,Ludification},
    note     = {Consultée le 02/05/2019}
}

@article{role-playing-educ,
    author    = {Burenkova, Olga Mikhailovna Burenkova and Arkhipova, Irina Vladimirovna and Semenov, Sergei Aleksandrovich and Samarenkina, Saniya Zakirzyanovna},
    year      = {2015},
    journal   = {International Education Studies; Vol. 8, No. 6},
    title     = {Motivation within Role-Playing as a Means to Intensify College Students’ Educational Activity},
    url       = {http://dx.doi.org/10.5539/ies.v8n6p211}
}

@misc{gamif-CATs,
    author   = {Daele, Amaury},
    title    = {Les TRC ou Techniques de Rétroaction en Classe},
    howpublished = {Blog internet},
    year     = {2017},
    url      = {https://pedagogieuniversitaire.wordpress.com/2017/10/13/les-trc-ou-techniques-de-retroaction-en-classe/},
    note     = {Consultée le 04/06/2019}
}

@misc{anki-site,
    author   = {Anki},
    title    = {Anki - powerful, intelligent flashcards},
    howpublished = {Site internet},
    year     = {2019},
    url      = {https://apps.ankiweb.net/index.html},
    note     = {Consultée le 03/07/2019}
}

@misc{anki-addon,
    author   = {Glutanimate},
    title    = {Speed Focus Mode},
    howpublished = {Site internet},
    year     = {2019},
    url      = {https://ankiweb.net/shared/info/1046608507},
    note     = {Consultée le 03/07/2019}
}